<?xml version="1.0" encoding="UTF-8"?><collection xmlns="http://www.loc.gov/MARC21/slim"><record><leader>00579nam--2200181-u-4500</leader><controlfield tag="001">000050753</controlfield><controlfield tag="002">20161230</controlfield><controlfield tag="005">20161230201048</controlfield><controlfield tag="008">080331s1000------------r-----000-0-eng-d</controlfield><datafield ind1=" " ind2=" " tag="040"><subfield code="a">IFIN-HH</subfield></datafield><datafield ind1="1" ind2=" " tag="100"><subfield code="a">Delthell, Robert</subfield></datafield><datafield ind1="1" ind2=" " tag="245"><subfield code="a">Cours de mathematiques generales; Complements d'Algebre et de trigonometrie premieres notion de geometrie analytique. Elements de calcul differentiel</subfield></datafield><datafield ind1=" " ind2=" " tag="260"><subfield code="a">Paris</subfield><subfield code="b">Libraire J.-B. Bailliere et fils</subfield><subfield code="c">1953</subfield></datafield><datafield ind1=" " ind2=" " tag="300"><subfield code="a">383 p</subfield></datafield><datafield ind1=" " ind2=" " tag="490"><subfield code="v">vol. I</subfield></datafield><datafield ind1=" " ind2="4" tag="650"><subfield code="a">General Mathematics</subfield></datafield><datafield ind1=" " ind2=" " tag="852"><subfield code="a">11908</subfield><subfield code="c">51</subfield></datafield><datafield ind1=" " ind2=" " tag="CAT"><subfield code="a">Sys</subfield><subfield code="c">20080331</subfield><subfield code="h">104519</subfield></datafield></record></collection>